<collection xmlns="http://www.loc.gov/MARC21/slim">
<record>
  <leader>01969nam0a2200301 i 450 </leader>
  <controlfield tag="001">IT\ICCU\CNCE\048766</controlfield>
  <controlfield tag="005">20051007000000.0</controlfield>
  <datafield tag="012" ind1=" " ind2=" ">
    <subfield code="a">i.a. inme o.i- taAl (3) 1586 (Q)</subfield>
    <subfield code="2">fei</subfield>
  </datafield>
  <datafield tag="100" ind1=" " ind2=" ">
    <subfield code="a">19990706d1586        0itac0103    ba</subfield>
  </datafield>
  <datafield tag="101" ind1=" " ind2=" ">
    <subfield code="a">ITA</subfield>
  </datafield>
  <datafield tag="102" ind1=" " ind2=" ">
    <subfield code="a">IT</subfield>
  </datafield>
  <datafield tag="200" ind1="1" ind2=" ">
    <subfield code="a">Dell&apos;ordinanze e battaglie di Cesare D&apos;Euoli signor napolitano. Al sereniss. signore il s. Allessandro Farnese principe di Parma, &amp; Piacenza, &amp; generale di sua maesta catolica in Fiandra</subfield>
  </datafield>
  <datafield tag="210" ind1=" " ind2=" ">
    <subfield code="a">In Roma</subfield>
    <subfield code="c">per gli heredi d&apos;Antonio Blado stampatori camerali</subfield>
    <subfield code="d">1583 \i.e. 1586!</subfield>
  </datafield>
  <datafield tag="215" ind1=" " ind2=" ">
    <subfield code="a">\4!, 94 p.</subfield>
    <subfield code="c">tav.</subfield>
    <subfield code="d">fol</subfield>
  </datafield>
  <datafield tag="300" ind1=" " ind2=" ">
    <subfield code="a">E&apos; l&apos;edizione del 1586 dei Diani cui  ̈stato sostituito il frontespizio e aggiunta la dedica. - A p. \65! altro front. : Degli alloggiamenti di campagna del sig. Cesare D&apos;Euoli napolitano. In Roma  : \Tito e Paolo Diani!, 1586</subfield>
  </datafield>
  <datafield tag="620" ind1=" " ind2=" ">
    <subfield code="a">IT</subfield>
    <subfield code="d">Roma</subfield>
  </datafield>
  <datafield tag="700" ind1=" " ind2="1">
    <subfield code="a">D&apos;Evoli,</subfield>
    <subfield code="b">Cesare</subfield>
    <subfield code="3">IT\ICCU\CNCA\004796</subfield>
  </datafield>
  <datafield tag="712" ind1="0" ind2="0">
    <subfield code="a">Blado, Antonio - eredi</subfield>
    <subfield code="3">IT\ICCU\CNCT\000148</subfield>
    <subfield code="4">650</subfield>
  </datafield>
  <datafield tag="712" ind1="0" ind2="0">
    <subfield code="a">Diani, Tito &amp; Diani, Paolo</subfield>
    <subfield code="3">IT\ICCU\CNCT\000350</subfield>
    <subfield code="4">650</subfield>
  </datafield>
  <datafield tag="790" ind1=" " ind2="1">
    <subfield code="a">Aevolus,</subfield>
    <subfield code="b">Caesar</subfield>
    <subfield code="3">IT\ICCU\CNCA\004797</subfield>
    <subfield code="z">D&apos;Evoli, Cesare</subfield>
  </datafield>
  <datafield tag="790" ind1=" " ind2="1">
    <subfield code="a">Evoli,</subfield>
    <subfield code="b">Cesare</subfield>
    <subfield code="3">IT\ICCU\CNCA\014632</subfield>
    <subfield code="z">D&apos;Evoli, Cesare</subfield>
  </datafield>
  <datafield tag="790" ind1=" " ind2="1">
    <subfield code="a">Evoli,</subfield>
    <subfield code="b">Cesare : d&apos;</subfield>
    <subfield code="3">IT\ICCU\CNCA\019563</subfield>
    <subfield code="z">D&apos;Evoli, Cesare</subfield>
  </datafield>
  <datafield tag="801" ind1=" " ind2="3">
    <subfield code="a">IT</subfield>
    <subfield code="b">ICCU</subfield>
    <subfield code="c">20201115</subfield>
  </datafield>
  <datafield tag="899" ind1=" " ind2=" ">
    <subfield code="a">Biblioteca nazionale Vittorio Emanuele III. Napoli</subfield>
    <subfield code="1">NA0079</subfield>
    <subfield code="2">NAP BN</subfield>
  </datafield>
  <datafield tag="911" ind1=" " ind2=" ">
    <subfield code="a">Nella prima c. dopo il front.</subfield>
    <subfield code="9">IT\ICCU\CNCM\000378</subfield>
  </datafield>
  <datafield tag="911" ind1=" " ind2=" ">
    <subfield code="a">Sul secondo front.</subfield>
    <subfield code="9">IT\ICCU\CNCM\000518</subfield>
  </datafield>
  <datafield tag="921" ind1=" " ind2=" ">
    <subfield code="a">IT\ICCU\CNCM\000378</subfield>
    <subfield code="b">Aquila coronata ad ali spiegate tiene disteso tra gli artigli un drappo. Sullo sfondo un paesaggio, al lato targa appesa ad un albero con iniziali A.B.</subfield>
    <subfield code="c">A22</subfield>
    <subfield code="c">Z128</subfield>
    <subfield code="d">Dimensioni: 8,3 x 9,5</subfield>
    <subfield code="f">AB</subfield>
    <subfield code="f">AQUILA</subfield>
    <subfield code="f">DRAPPO</subfield>
    <subfield code="g">1542-1588</subfield>
  </datafield>
  <datafield tag="921" ind1=" " ind2=" ">
    <subfield code="a">IT\ICCU\CNCM\000518</subfield>
    <subfield code="b">Marca composita divisa in quattro riquadri, contenenti rispettivamente: S. Giorgio, l&apos;Aquila, la colomba, l&apos;ancora col delfino.</subfield>
    <subfield code="e">Unitas.</subfield>
    <subfield code="c">V205</subfield>
    <subfield code="c">Z1029</subfield>
    <subfield code="f">ANCORA</subfield>
    <subfield code="f">AQUILA</subfield>
    <subfield code="f">COLOMBA</subfield>
    <subfield code="f">SGIORGIO</subfield>
    <subfield code="f">UNITAS</subfield>
    <subfield code="g">1586</subfield>
  </datafield>
</record>
</collection>
